@misc{Lucas:77,
	Title = "Star {Wars}.  Episode {IV}.  A New Hope.",
	year = 1977,
	Author = {Lucas, George},
	Publisher = {Twentieth Century Fox} 
}

@article{Wilk:68,
	Author = {Wilk, M. and Gnanadesikan, R.},
	Journal = {Biometrika},
	Number = {1},
	Pages = {1-17},
	Title = "Probability plotting methods for the analysis of data",
	Volume = {55},
	Year = {1968}
}

@article{Shapiro:65,
	Author = {Shapiro, S. and Wilk, M.},
	Journal = {Biometrika},
	Number = {3-4},
	Pages = {591-611},
	Title = "An analysis of variance test for normality",
	Volume = {52},
	Year = {1965}
}

@book{Chakravarti:67,
	Author = {Chakravarti, L. and Chakravarti, R.},
	Publisher = {John Wiley and Sons},
	Title = "Handbook of Methods of Applied Statistics, Volume {I}",
	Year = {1967}
}

@article{Baker:2013,
	Author = {Thomas, D. and Chun, J. and Chen, Z. and Wei, G. and Baker, N.},
	Journal = {J. Comput. Chem.},
	Number = {8},
	Pages = {687-695},
	Title = "Parameterization of a geometric flow implicit solvation model",
	Volume = {34},
	Year = {2013}
}

@article{Baker:2015,
	Author = {Lei, H. and Yang, X. and Zheng, B. and Baker, N.},
	Journal = {Multiscale Model. Simul.},
	Number = {4},
	Pages = {1327-1353},
	Title = "Constructing surrogate models of complex systems with enhanced sparsity: quantifying the influence of conformational uncertainty in biomolecular solvation",
	Volume = {13},
	Year = {2015}
}

@article{sklearn_api:2013,
	Author = {Buitinck, L. and Louppe, G. and Blondel, M. and Pedregosa, F. and Mueller, A. and Grisel, O. and Niculae, V. and Prettenhofer, P. and Gramfort, A. and Grobler, J. and Layton, R. and VanderPlas, J. and Joly, A. and Holt, B. and Varoquaux, G.},
	journal = {{ECML} {PKDD} Workshop: Languages for Data Mining and Machine Learning},
	Pages = {108-122},
	Title = "{API} design for machine learning software: experiences from the {SciKit-Learn} project",
	Year = {2013}
}

@manual{R:2008,
	Address = {Vienna, Austria},
	Author = {{R Development Core Team}},
	Organization = {R Foundation for Statistical Computing},
	Title = "{R}: a language and environment for statistical computing",
	Year = {2008}
}

@article{Tibshirani:1994,
	Author = {Tibshirani, R.},
	Journal = {J. Royal Stats. Soc.},
	Number = {12},
	Pages = {267-288},
	Title = "Regression shrinkage and selection via the lasso",
	Volume = {58},
	Year = {1994}
}

@article{Hoerl:2000,
	Author = {Hoerl, A. and Kennard, R.},
	Journal = {Technometrics},
	Number = {1},
	Pages = {80-86},
	Title = "Ridge regression: biased estimation for nonorthogonal problems",
	Volume = {42},
	Year = {2000}}

@article{Coleman:2014,
	Author = {Coleman, R. and Sterling, T. and Weiss, D.},
	Journal = {J. Comput. Aided Mol. Des.},
	Number = {3},
	Pages = {201-209},
	Title = "{SAMPL4 }\& {DOCK3.7}: lessons for automated docking procedures",
	Volume = {28},
	Year = {2014}
}

@article{Yang:2006,
	Author = {Yang, Q. and Sharp, K.},
	Journal = {J. Chem. Theory Comput.},
	Number = {2},
	Pages = {1152-1167},
	Title = "Atomic charge parameters for the finite difference {P}oisson-{B}oltzmann method using electronegativity neutralization",
	Volume = {4},
	Year = {2006}}

@article{Park:2014,
	Author = {Park, H.},
	Journal = {J. Comput. Aided Mol. Des.},
	Number = {3},
	Pages = {175-186},
	Title = "Extended solvent-contact model approach to {SAMPL4} blind prediction challenge for hydration free energies",
	Volume = {28},
	Year = {2014}
}

@article{Klamt:2010,
	Author = {Klamt, A. and Diedenhofen, M.},
	Journal = {J. Comput. Aided Mol. Des.},
	Number = {4},
	Pages = {357-360},
	Title = "Blind prediction test of free energies of hydration with {COSMO-RS}",
	Volume = {24},
	Year = {2010}
}

@article{Genheden:2014,
	Author = {Genheden, S. and Cabedo, M. and Criddle, M. and Essex, J.},
	Journal = {J. Comput. Aided Mol. Des.},
	Number = {3},
	Pages = {187-200},
	Title = "Extensive all-atom {Monte} {Carlo} sampling and {QM/MM} corrections in the {SAMPL4} hydration free energy challenge.",
	Volume = {28},
	Year = {2014}
}

@article{Beckstein:2014,
	Author = {Beckstein, O. and Fourrier, A. and Iorga, B.},
	Journal = {J. Comput. Aided Mol. Des.},
	Number = {3},
	Pages = {265-276},
	Title = "Prediction of hydration free energies for the {SAMPL4} diverse set of compounds using molecular dynamics simulations with the OPLS-AA force field.",
	Volume = {28},
	Year = {2014}
}

@article{Beckstein:2012,
	Author = {Beckstein, O. and Iorga, B.},
	Journal = {J. Comput. Aided Mol. Des.},
	Number = {5},
	Pages = {635-645},
	Title = "Prediction of hydration free energies for aliphatic and aromatic chloro derivatives using molecular dynamics simulations with the {OPLS-AA} force field",
	Volume = {26},
	Year = {2012}
}

@article{Jambeck:2013,
	Author = {Jambeck, J. and Mocci, F. and Lyubartsev, A. and Laaksonen, A.},
	Journal = {J. Comput. Chem.},
	Number = {3},
	Pages = {187-197},
	Title = "Partial atomic charges and their impact on the free energy of solvation",
	Volume = {34},
	Year = {2013}
}

@article{Reinisch:2014,
	Author = {Reinisch, J. and Klamt, A.},
	Journal = {J. Comput. Aided Mol. Des.},
	Number = {3},
	Pages = {169-73},
	Title = "Prediction of free energies of hydration with {COSMO-RS} on the {SAMPL4} data set.",
	Volume = {28},
	Year = {2014}
}

@article{Sulea:2011,
	Author = {Sulea, T. and Purisima, E.},
	Journal = {J. Comput. Aided Mol. Des.},
	Number = {5},
	Pages = {661--667},
	Title = "Predicting hydration free energies of polychlorinated aromatic compounds from the {SAMPL-3} data set with {FiSH} and {LIE} models",
	Volume = {26},
	Year = {2011}
}

@article{Hogues:2014,
	Author = {Hogues, H. and Sulea, T. and Purisima, E.},
	Journal = {J. Comput. Aided Mol. Des.},
	Number = {4},
	Pages = {417-27},
	Title = "Exhaustive docking and solvated interaction energy scoring: Lessons learned from the {SAMPL4} challenge.",
	Volume = {28},
	Year = {2014}
}

@article{Klamt:2009,
	Author = {Klamt, A. and Eckert, F. and Diedenhofen, M.},
	Journal = {J. Phys. Chem. B.},
	Number = {2},
	Pages = {4508--4510},
	Title = "Prediction of the free energy of hydration of a challenging set of pesticide-like compounds",
	Volume = {113},
	Year = {2009}}

@misc{Hawkins,
	Author = {Hawkins, G. and Giesen, D. and Lynch, G. and Chambers, C. and Rossi, I. and Storer, J. and Li, J. and Zhu, T. and Thompson, J. and Winget, P. and Lynch, B.},
	Title = "{AMSOL}"
	}

@article{Wang:2004B,
	Author = {Wang, J. and Wolf, R. and Caldwell, J. and Kollman, P. and Case, D.},
	Journal = {J. Comput. Chem..},
	Number = {9},
	Pages = {1157--1174},
	Title = "Development and testing of a general {AMBER} force field.",
	Volume = {25},
	Year = {2004}
}

@article{Klimovich:2010,
	Author = {Klimovich, P. and Mobley, D.},
	Journal = {J. Comput. Aided Mol. Des.},
	Number = {4},
	Pages = {307-316},
	Title = "Predicting hydration free energies using all-atom molecular dynamics simulations and multiple starting conformations.",
	Volume = {24},
	Year = {2010}
}

@article{Nicholl:2010,
	Author = {Nicholls, A. and Wlodek, S. and Grant, J.},
	Journal = {J. Comput. Aided Mol. Des.},
	Number = {4},
	Pages = {293--306},
	Title = "{SAMPL2} and continuum modeling.",
	Volume = {24},
	Year = {2010}
}

@article{Sandberg:2013,
	Author = {Sandberg, L.},
	Journal = {J. Comput. Aided Mol. Des.},
	Number = {3},
	Pages = {211-9},
	Title = "Predicting hydration free energies with chemical accuracy: The {SAMPL4} challenge",
	Volume = {28},
	Year = {2013}
}

@article{Li:2014,
	Author = {Li, L. and Dill, K. and Fennell, C.},
	Journal = {J. Comput. Aided Mol. Des.},
	Number = {3},
	Pages = {259-264},
	Title = "Testing the semi-explicit assembly model of aqueous solvation in the {SAMPL4} challenge",
	Volume = {28},
	Year = {2014}
}

@book{Jefferys:1961,
	Author = {Harold Jeffreys},
	Publisher = {Oxford: Oxford University Press},
	Title = "{Theory of Probability}",
	Year = {1961}
}

@article{Martinez-Munoz:2009,
	Author = {Martinez-Munoz, G. and Hernandez-Lobato, D. and Suarez, A.},
	Journal = {IEEE Transactions on Pattern Analysis and Machine Intelligence},
	Number = {2},
	Pages = {245-259},
	Title = "An analysis of ensemble pruning techniques based on ordered aggregation",
	Volume = {31},
	Year = {2009}}

@article{Qian:2015,
	Author = {Quan, C. and Yu, Y. and Zhou, Z.},
	Journal = {Conference on Artificial Intelligence},
	Pages = {2935- 2941},
	Title = "Pareto Ensemble Pruning",
	Volume = {29},
	Year = {2015}
}

@article{Madigan:1994,
	Author = {Madigan, D. and Raftery, A.},
	Journal = {J. Am. Stat. Assoc.},
	Number = {1},
	Pages = {1335-1346},
	Title = "Model selection and accounting for model uncertainty in graphical models using {Occam's} window.",
	Volume = {89},
	Year = {1994}
}

@misc{Onorante:2014,
	Author = {Onorante, L. and Raftery, A},
	Institution = {University of Washington},
	Number = {628},
	Title = "Dynamic model averaging in large model spaces using dynamic {Occam's} window",
	Year = {2014}}

@article{Breiman:2001,
	Author = {Breiman, L.},
	Journal = {Machine Learning},
	Number = {1},
	Pages = {5--32},
	Title = "Random forests",
	Volume = {45},
	Year = {2001}
}

@article{Brown:2005,
	Author = {Brown, G. and Wyatt, J. and Tino, P.},
	Journal = {J. Machine Learning Res.},
	Number = {1},
	Pages = {1621--1650},
	Title = "Managing diversity in regression ensembles",
	Volume = {6},
	Year = {2005}
}

@article{Liu:1999,
	Author = {Liu, Y. and Yao, X.},
	Journal = {Neural Networks},
	Number = {10},
	Pages = {1399-1404},
	Title = "Ensemble learning via negative correlation",
	Volume = {12},
	Year = {1999}
}

@article{Zhou:2002,
	Author = {Zhou, Z. and Wu, J. and Tang, W.},
	Journal = {Artif. Intell. Rev.},
	Number = {1},
	Pages = {239-263},
	Title = "Ensembling neural networks: Many could be better than all",
	Volume = {137},
	Year = {2002}}

@conference{Hernandez-Lobato:2006,
	Author = {Hernandez-Lobato, D. and Martinez-Munoz, G. and Suarez, A.},
	Booktitle = {Int. Jt. Conf. Neural Networks, Proc.},
	Organization = {IEEE},
	Pages = {1266 - 1273},
	Title = "Pruning in ordered regression bagging ensembles",
	Year = {2006}}

@article{Guyon:2003,
	Author = {Guyon, I. and Elisseeff, A.},
	Journal = {J. Machine Learning Res.},
	Number = {1},
	Pages = {1157-1182},
	Title = "An introduction to variable and feature selection",
	Volume = {3},
	Year = {2003}
}

@book{James:2013,
	Author = {James, G. and Witten, D. and Hastie, T. and Tibshirani, R.},
	Publisher = {Springer},
	Title = "An Introduction to Statistical Learning",
	Year = {2013}
}

@article{Neuman:2003,
	Author = {Neuman, S. and Wierenga, P.},
	Institution = {Department of Soil, Water and Environmental Science, University of Arizona},
	Title = "A Comprehensive Strategy of Hydrogeologic Modeling and Uncertainty Analysis for Nuclear Facilities and Sites (NUREG/CR-6805)",
	Year = {2003},
	journal = {NRC Tech Report NUREG/CR-6805}
}

@article{Fu:2014,
	Author = {Fu, J. and Liu, Y. and Wu, J.},
	Journal = {J. Comput. Aided Mol. Des.},
	Number = {3},
	Pages = {299-304},
	Title = "Fast prediction of hydration free energies for {SAMPL4} blind test from a classical density functional theory",
	Volume = {28},
	Year = {2014}
}

@article{Muddana:2014,
	Author = {Muddana, H. and Sapra, N. and Fenley, A. and Gilson, M.},
	Journal = {J. Comput. Aided Mol. Des.},
	Number = {3},
	Pages = {277-287},
	Title = "The {SAMPL4} hydration challenge: Evaluation of partial charge sets with explicit-water molecular dynamics simulations",
	Volume = {28},
	Year = {2014}
}

@article{Ellingson:2014,
	Author = {Ellingson, B. and Gaballe, M. and Wlodek, S. and Baylyl, C. and Skillman, A. and Nicholls, A.},
	Journal = {J. Comput. Aided Mol. Des.},
	Number = {3},
	Pages = {289--298},
	Title = "Efficient calculation of {SAMPL4} hydration free energies using {OMEGA}, {SZYBKI}, {QUACPAC}, and {Zap TK}",
	Volume = {28},
	Year = {2014}
}

@book{Sammut:2011,
	Editor = {Sammut, C. and Webb, G.},
	Publisher = {Springer},
	Title = "Encyclopedia of Machine Learning",
	Year = {2011}
}

@article{Nicholls:2008,
	Author = {Nicholls, A. and Mobley, D. and Guthrie, J. and Chodera, J. and Bayly, C. and Cooper, M. and Pande, V.},
	Journal = {J. Med. Chem.},
	Number = {4},
	Pages = {769-779},
	Title = "Predicting small-molecule solvation free energies: an informal blind test for computational chemistry",
	Volume = {51},
	Year = {2008}}

@article{Li:1999,
	Author = {Li, J. and Zhu, T. and Hawkins, G. and Wingnet, P. and Liotard, D. and Cramer, C. and Truhlar, D.},
	Journal = {Theor. Chem. Acc.},
	Number = {1},
	Pages = {9-63},
	Title = "Extension of the platform of applicability of {SM5.42R} universal solvation model.",
	Volume = {103},
	Year = {1999}}

@article{Shivakumar:2010,
	Author = {Shivakumar, D. and Williams, J. and Damm, W. and Shelley, J. and Sherman, W.},
	Journal = {J. Chem. Theory Comput.},
	Number = {5},
	Pages = {1509-1519},
	Title = "Prediction of absolute solvation free energies using molecular dynamics free energy perturbation and the {OPLS} force field",
	Volume = {6},
	Year = {2010}}

@article{Mobley:2007,
	Author = {Mobley, D. and Dunmont, E. and Chodera, J. and Dill, K.},
	Journal = {J. Phys. Chem. B.},
	Number = {9},
	Pages = {2242-2254},
	Title = "Comparison of charge models for fixed-charge force fields: small-molecule hydration free energies in explicit solvent.",
	Volume = {11},
	Year = {2007}}

@article{Gallicchio:2002,
	Author = {Gallicchio, E. and Zhang, L. and Levy, R.},
	Journal = {J. Comput. Phys.},
	Number = {5},
	Pages = {517-529},
	Title = "The {SGB/NP} hydration free energy model based on the surface generalized born solvent reaction field and novel nonpolar hydration free energy estimators.",
	Volume = {23},
	Year = {2002}}

@article{Tan:2006,
	Author = {Tan, C. and Yang, L. and Lou, R.},
	Journal = {J. Phys. Chem.},
	Number = {37},
	Pages = {18680-18687},
	Title = "How well does {Poisson-Boltzmann} implicit solvent agree with explicit solvent? A quantitative analysis",
	Volume = {110},
	Year = {2006}}

@article{Kang:1987:4,
	Author = {Kang, Y. and Gibson, D. and Nemethy, G. and Scheraga, H.},
	Journal = {J. Phys. Chem},
	Number = {16},
	Pages = {4739-4742},
	Title = "Free energies of hydration of solute molecules. 4. Revised treatment of the hydration shell mode",
	Volume = {92},
	Year = {1988}
}

@article{Kang:1987:3,
	Author = {Kang, Y. and Nemethy, G. and Scheraga, H.},
	Journal = {J. Phys. Chem},
	Number = {15},
	Pages = {4118-4120},
	Title = "Free energies of hydration of solute molecules. 3. Application of the hydration shell model to charged organic molecules",
	Volume = {91},
	Year = {1987}}

@article{Kang:1987:2,
	Author = {Kang, Y. and Nemethy, G. and Scheraga, H.},
	Journal = {J. Phys. Chem},
	Number = {15},
	Pages = {4109-4117},
	Title = "Free energies of hydration of solute molecules. 2. Application of the hydration shell model to nonionic organic molecules",
	Volume = {91},
	Year = {1987}}

@article{Kang:1987:1,
	Author = {Kang, Y. and Nemethy, G. and Scheraga, H.},
	Journal = {J. Phys. Chem},
	Number = {15},
	Pages = {4105-4109},
	Title = "Free energies of hydration of solute molecules. 1. Improvement of the hydration shell model by exact computations of overlapping volumes",
	Volume = {91},
	Year = {1987}}

@article{Eisenberg:1986,
	Author = {Eisenberg, D. and McLachlan, A.},
	Journal = {Nature},
	Number = {1},
	Pages = {199-203},
	Title = "Solvation energy in protein folding and binding",
	Volume = {319},
	Year = {1986}}

@article{Gosink:2014,
	Author = {Gosink, L. and Hogan, E. and Pulsipher, T. and Baker, N.},
	Journal = {Proteins},
	Number = {3},
	Pages = {354-363},
	Title = "Bayesian model aggregation for ensemble-based estimates of protein {p$K_a$} values",
	Volume = {82},
	Year = {2014}}

@article{Wesolowski:1994,
	Author = {Wesolowski, T. and Warshel, A.},
	Journal = {J. Phys. Chem.},
	Number = {1},
	Pages = {5183-5187},
	Title = "Ab initio free energy perturbation calculations of solvation free energy using the frozen density functional approach",
	Volume = {98},
	Year = {1994}
}

@article{Konig:2014b,
	Author = {Konig, G. and Hudson, P. S. and Boresch, S. and Woodcock, H. L.},
	Journal = {J. Chem. Theory Comput.},
	Number = {1},
	Pages = {1406-1419},
	Title = "Multiscale free energy simulations: an efficient method for connecting classical md simulations to {QM} or {QM/MM} free energies using non-{Boltzmann} {Bennett} reweighting schemes",
	Volume = {10},
	Year = {2014}
}

@article{Jia:2016,
	Author = {Jia, X. and Wang, M. and Shao, Y. and K{\"o}nig, K. and Brooks, B. and Zhang, J. and Mei, Y.},
	Journal = {J. Chem. Theory Comput.},
	Number = {1},
	Pages = {499-511},
	Title = "Calculations of solvation free energy through energy reweighting from molecular mechanics to quantum mechanics",
	Volume = {12},
	Year = {2016}
}

@article{Bennett:1976,
	Author = {Bennett, C.},
	Journal = {J. Comput. Phys.},
	Number = {1},
	Pages = {245−268},
	Title = "Efficient estimation of free energy differences from {Monte} {Carlo} data",
	Volume = {22},
	Year = {1976}
}

@article{Kamerlin:2009,
	Author = {Kamerlin, S. and Haranczyk, M. and Warshel, A},
	Journal = {ChemPhysChem},
	Number = {7},
	Pages = {1125-1134},
	Title = "Are mixed explicit/implicit solvation models reliable for studying phosphate hydrolysis? A comparative study of continuum, explicit and mixed solvation models",
	Volume = {10},
	Year = {2009}
}

@article{Konig:2011,
	Author = {K{\"o}nig, G. and Boresch, S.},
	Journal = {J. Comput. Chem.},
	Number = {6},
	Pages = {1082-1090},
	Title = "Non-Boltzmann sampling and Bennett's acceptance ratio method: how to profit from bending the rules.",
	Volume = {32},
	Year = {2011}}

@article{Lazaridis:1999,
	Author = {Lazaridis, T. and Karplus, M.},
	Journal = {Proteins},
	Number = {2},
	Pages = {133-152},
	Title = "Effective energy function for proteins in solution",
	Volume = {35},
	Year = {1999}
}

@book{Mennucci:2007,
	Editor = {Mennucci, B. and Camm, R.},
	Publisher = {John Wiley \& Sons},
	Title = "Continuum solvation models in chemical physics: from theory to applications",
	Year = {2007}
}

@article{Cramer:1999,
	Author = {Cramer, C. and Truhlar, D.},
	Journal = {Chem. Rev.},
	Number = {8},
	Pages = {2161-2200},
	Title = "Implicit solvation models: equilibria, structure, spectra, and dynamics",
	Volume = {99},
	Year = {1999}}

@article{Geballe:2010,
	Author = {Geballe, M. and Skillman, A. and Nicholls, A. and Guthrie, J. and Taylor, P.},
	Journal = {J. Comput. Aided Mol. Des.},
	Number = {4},
	Pages = {259-279},
	Title = "The {SAMPL2} blind prediction challenge: introduction and overview",
	Volume = {24},
	Year = {2010}
}

@article{Guthrie:2014,
	Author = {Guthrie, J.},
	Journal = {J. Comput. Aided Mol. Des.},
	Number = {3},
	Pages = {151-168},
	Title = "{SAMPL4}, a blind challenge for computational solvation free energies: the compounds considered",
	Volume = {28},
	Year = {2014}
}

@article{Konig:2014,
	Author = {Konig, G. and Pickard, C. and Mei, Y. and Brooks, R.},
	Journal = {J. Comput. Aided Mol. Des.},
	Number = {3},
	Pages = {245-57},
	Title = "Predicting hydration free energies with a hybrid {QM/MM} approach: an evaluation of implicit and explicit solvation models in SAMPL4",
	Volume = {28},
	Year = {2014}
}

@article{Levy:1998,
	Author = {Levy, R. and Gallicchio, E.},
	Journal = {Annu. Rev. Phys. Chem},
	Number = {11},
	Pages = {531-567},
	Title = "Computer simulations with explicit solvent: recent progress in the thermodynamic decomposition of free energies and in modeling electrostatic effects.",
	Volume = {49},
	Year = {1998}
}

@article{Geballe:2012,
	Author = {Geballe, M. and Guthrie, J.},
	Journal = {J. Comput. Aided Mol. Des.},
	Number = {5},
	Pages = {489--496},
	Title = "The {SAMPL3} blind prediction challenge: transfer energy overview.",
	Volume = {26},
	Year = {2012}
}

@article{Mobley:2009c,
	Author = {Mobley, D. and Bayly, C. and Cooper, M. and Shirts, M. and Dill, K.},
	Journal = {J. Chem. Theory Comput.},
	Number = {2},
	Pages = {350--358},
	Title = "Small molecule hydration free energies in explicit solvent: an extensive test of fixed-charge atomistic simulations.",
	Volume = {5},
	Year = {2009}
}

@article{Mobley:2009b,
	Author = {Mobley, D. and Bayly, C. and Cooper, M. and Dill, K.},
	Journal = {J. Phys. Chem. B.},
	Number = {10},
	Pages = {4533--4537},
	Title = "Predictions of hydration free energies from all-atom molecular dynamics simulations.",
	Volume = {113},
	Year = {2009}
}

@article{Ashbaugh:2002,
	Author = {Ashbaugh, H. and Kaler, E. and Paulaitis, M.},
	Journal = {Polymer},
	Number = {5},
	Pages = {559-565},
	Title = "Conformational equilibria of polar and charged flexible polymer chains in water",
	Volume = {43},
	Year = {2002}}

@article{Ashbaugh:99,
	Author = {Ashbaugh, H. and Garde, S. and Hummer, G. and Kaler, E. and Paulaitis, M.},
	Journal = {Biophys. J.},
	Number = {2},
	Pages = {645-654},
	Title = "Conformational equilibria of alkanes in aqueous solution: Relationship to water structure near hydrophobic solutes",
	Volume = {77},
	Year = {1999}
}

@article{Cui:2002,
	Author = {Cui, Q. and Smith, V.},
	Journal = {J. Phys. Chem. B,},
	Number = {25},
	Pages = {6554--6565},
	Title = "Solvation structure, thermodynamics, and molecular conformational equilibria for n-butane in water analyzed by reference interaction site model theory using an all-atom solute model",
	Volume = {106},
	Year = {2002}}

@article{Jorgensen:2004,
	Author = {Jorgensen, W. and Ulmschneider, J. and Tirado-Rives, J.},
	Journal = {J. Phys. Chem. B},
	Number = {41},
	Pages = {16264--16270},
	Title = "Free energies of hydration from a generalized Born model and an all-atom force field",
	Volume = {108},
	Year = {2004}}

@article{Mobley:2009,
	Author = {Mobley, D. and Dill, K.},
	Journal = {Structure},
	Number = {4},
	Pages = {489--498},
	Title = "{Binding of small-molecule ligands to proteins: ``what you see'' is not always ``what you get''}",
	Volume = {17},
	Year = {2009}}

@article{Whalen:2013,
	Author = {Whalen, K. and Spies, M.},
	Journal = {J. Chem. Inf. Model.},
	Number = {9},
	Pages = {2349--2359},
	Title = "Flooding enzymes: quantifying the contributions of interstitial water and cavity shape to ligand binding using extended linear response free energy calculations",
	Volume = {53},
	Year = {2013}
}

@article{Yang:2009,
	Author = {Yang, C. and Sun, H. and Chen, J. and Nikolovska-Coleska, Z. and Wang, S.},
	Journal = {J. Am. Chem. Soc.},
	Number = {38},
	Pages = {13709-13721},
	Title = "Importance of ligand reorganization free energy in protein-ligand binding-affinity prediction",
	Volume = {131},
	Year = {2009}}

@article{Rakhmanov:07,
	Author = {S. Rakhmanov and V. Makeev},
	Journal = {BMC Struct. Biol.},
	Pages = {7-19},
	Title = "Atomic hydration potentials using a Monte Carlo Reference State (MCRS) for protein solvation modeling",
	Year = {2007}}

@article{Robinson:99,
	Author = {G. Robinson and C. Cho},
	Journal = {Biophys. J.},
	Number = {6},
	Pages = {3311-3318},
	Title = "Role of hydration water in protein unfolding",
	Volume = {77},
	Year = {1999}}

@article{Levy:03,
	Author = {R. Levy and L. Zhang and E. Gallicchio and A. Felts},
	Journal = {J. Am. Chem. Soc.},
	Pages = {9523-9530},
	Title = "On the nonpolar hydration free energy of proteins: surface area and continuum solvent models for the solute - solvent interaction energy",
	Volume = {125},
	Year = {2003}
}

@article{Mobley:2014,
	Author = {Mobley, D. L. and Wymer, K. L. and Lim, N. M. and Guthrie, J. P.},
	Journal = {J. Comput. Aided Mol. Des.},
	Number = {28},
	Pages = {135--150},
	Title = "Blind prediction of solvation free energies from the {SAMPL4} challenge",
	Volume = {3},
	Year = {2014}}

@article{Mobley:08,
	Author = {Mobley, D. L. and Barber, A. E. and Fennell, C. J. and Dill, K. A},
	Journal = {J. Phys. Chem. B.},
	Number = {112},
	Pages = {2405--2414},
	Title = "Charge asymmetries in hydration of polar solutes",
	Volume = {8},
	Year = {2008}}

@article{Chorny:05,
	Author = {Chorny, I. and Dill, K. A. and Jacobson, M. P.},
	Journal = {J. Phys. Chem. B.},
	Number = {109},
	Pages = {24056--24060},
	Title = "A universal surface area correlation for molecular hydrophobic phenomena",
	Volume = {50},
	Year = {2005}}

@article{Ashbaugh:1999,
	Author = {Ashbaugh, H. S. and Kaler, E. W. and Paulaitis, M. E},
	Journal = {J. Am. Chem. Soc.},
	Number = {121},
	Pages = {9243-9244},
	Title = "A universal surface area correlation for molecular hydrophobic phenomena",
	Volume = {39},
	Year = {1999}}

@article{Ye:2004,
	Author = {Ye, M and Neuman, S P and Meyer,P D},
	Journal = {Water Resour. Res.},
	Number = {5},
	Pages = {W05113},
	Title = "Maximum likelihood {B}ayesian averaging of spatial variability models in unsaturated fractured tuff",
	Volume = {40},
	Year = {2004}}

@article{Raftery:1995,
	Author = {Raftery, A.},
	Journal = {Sociological Methodology},
	Pages = {111--163},
	Title = "{B}ayesian model selection in social research",
	Volume = {25},
	Year = {1995}
}

@article{Vlachopoulo:2013,
	Author = {M. Vlachopoulou and L. Gosink and T. Pulsipher and T. Ferryman and N. Zhou and J. Tong},
	Journal = {Power Energy Society General Meeting (PES) IEEE},
	Pages = {doi:10.1109/PESMG.2013.6672760},
	Title = "An ensemble approach for forecasting net interchange schedule",
	Year = {2013}}

@book{Seber:2012,
	Author = {Seber, G. and Lee, A.},
	Number = {1},
	Publisher = {John Wiley \& Sons},
	Series = {Wiley Series in Probability and Statistics},
	Title = "Linear Regression Analysis",
	Volume = {1},
	Year = {2012}}

@article{Gilmour:1996,
	Author = {Gilmour, Steven G.},
	Journal = {J. Royal Stat. Soc.},
	Number = {1},
	Pages = {49--56},
	Title = "The interpretation of Mallows's Cp statistic",
	Volume = {45},
	Year = {1996}}

@article{Wilcoxon:45,
	Author = {Wilcoxon, Frank},
	Journal = {Biometrics Bull.},
	Number = {6},
	Pages = {80--83},
	Title = "{Individual comparisons by ranking methods}",
	Volume = {1},
	Year = {1945}}

@inbook{Clyde:1999,
	Author = {Merlise Clyde},
	Booktitle = {{Bayesian Statistics}},
	Pages = {157-185},
	Title = "{Bayesian model averaging and model search strategies}",
	Volume = {6},
	Year = {1999}}

@article{Dwyer:2000,
	Author = {Dwyer, John J. and Gittis, Apostolos G. and Karp, Daniel A. and Lattman, Eaton E. and Spencer, Daniel S. and Stites, Wesley E. and Garc{\'\i}a-Moreno E. , Bertrand},
	Date = {2000/9//},
	Doi = {http://dx.doi.org/10.1016/S0006-3495(00)76411-3},
	Isbn = {0006-3495},
	Journal = {Biophys. J.},
	Number = {3},
	Pages = {1610-1620},
	Title = "High apparent dielectric constants in the interior of a protein reflect water penetration",
	Ty = {JOUR},
	Url = {http://www.sciencedirect.com/science/article/pii/S0006349500764113},
	Volume = {79},
	Year = {2000}}

@article{Davis:1990,
	Author = {Davis, Malcolm and McCammon, Andrew},
	Journal = {Chem. Rev.},
	Number = {3},
	Pages = {509--521},
	Title = "Electrostatics in biomolecular structure and dynamics",
	Volume = {90},
	Year = {1990}}

@article{Honig:1995,
	Author = {Honig, B and Nicholls, A},
	Journal = {Science},
	Number = {5214},
	Pages = {1144--1149},
	Title = "Classical electrostatics in biology and chemistry",
	Volume = {268},
	Year = {1995}}

@article{Fixman:1979,
	Author = {Fixman, Marshall},
	Journal = {J. Chem. Phys. },
	Number = {11},
	Pages = {4995--146},
	Title = "The {Poisson--Boltzmann} equation and its application to polyelectrolytes",
	Volume = {70},
	Year = {1979}}

@article{Still:1990,
	Author = {Still, Clark and Tempczyk, Anna and Hawley, Ronald and Hendrickson, Thomas},
	Booktitle = {Journal of the American Chemical Society},
	Date = {1990},
	Doi = {doi: 10.1021/ja00172a038},
	Journal = {J. Am. Chem. Soc.},

	Number = {16},
	Pages = {6127--6129},
	Publisher = {American Chemical Society},
	Title = "Semianalytical treatment of solvation for molecular mechanics and dynamics",
	Ty = {JOUR},
	Url = {http://dx.doi.org/10.1021/ja00172a038},
	Volume = {112},
	Year = {1990}}

@article{Dominy:1999,
	Author = {Dominy, Brian and Brooks, Charles},
	Booktitle = {J. Phys. Chem. B},
	Date = {1999},
	Day = {16},
	Doi = {doi: 10.1021/jp984440c},
	Id = {citeulike:4220002},
	Journal = {J. Phys. Chem. B},

	Number = {18},
	Pages = {3765--3773},
	Publisher = {American Chemical Society},
	Title = "Development of a generalized {Born} model parametrization for proteins and nucleic acids",
	Ty = {JOUR},
	Url = {http://dx.doi.org/10.1021/jp984440c},
	Volume = {103},
	Year = {1999}}

@article{Bell-Upp:2011,
	Author = {Bell-Upp, Peregrine and Robinson, Aaron and Whitten, Steven and Wheeler, Erika and Lin, Janine and Stites, Wesley and B. Garc{\'\i}a-Moreno},
	Date = {2011/07//},
	Doi = {doi: 10.1016/j.bpc.2011.06.016},
	Id = {citeulike:9530040},
	Isbn = {03014622},
	Journal = {Biophys. Chem.},
	Title = "Thermodynamic principles for the engineering of {pH}-driven conformational switches and acid insensitive proteins",
	Ty = {JOUR},
	Url = {http://dx.doi.org/10.1016/j.bpc.2011.06.016},
	Year = {2011}}

@article{Harms:2009,
	Author = {Harms, Michael and Casta{\~n}eda, Carlos and Schlessman, Jamie and Sue, Gloria and Isom, Daniel and Cannon, Brian and Garc{\'\i}a-Moreno E, Bertrand},
	Date = {2009/05/29/},
	Day = {29},
	Doi = {doi: 10.1016/j.jmb.2009.03.039},
	Id = {citeulike:4238410},
	Isbn = {1089-8638},
	Journal = {J. Mol. Biol.},

	Number = {1},
	Pages = {34--47},
	Title = "The {p$K_a$} values of acidic and basic residues buried at the same internal location in a protein are governed by different factors.",
	Ty = {JOUR},
	Url = {http://dx.doi.org/10.1016/j.jmb.2009.03.039},
	Volume = {389},
	Year = {2009}}

@article{Chimenti:2011,
	Author = {Chimenti, Michael and Casta{\~n}eda, Carlos and Majumdar, Ananya and Garc{\'\i}a-Moreno},
	Date = {2011},
	Day = {14},
	Doi = {doi: 10.1016/j.jmb.2010.10.001},
	Id = {citeulike:8231525},
	Isbn = {00222836},
	Journal = {J. Mol. Biol.},

	Number = {2},
	Pages = {361--377},
	Title = "Structural origins of high apparent dielectric constants experienced by ionizable groups in the hydrophobic core of a protein",
	Ty = {JOUR},
	Url = {http://dx.doi.org/10.1016/j.jmb.2010.10.001},
	Volume = {405},
	Year = {2011}}

@article{Karp:2007,
	Author = {Karp, D A and Gittis, A G and Stahley, M R and Fitch, C A and Stites, W E and E., B Garc{\'\i}a Moreno},
	Date = {2007},
	Journal = {Biophys. J.},

	Number = {6},
	Pages = {2041--2053},
	Title = "High apparent dielectric constant inside a protein reflects structural reorganization coupled to the ionization of an internal {Asp}",
	Ty = {JOUR},
	Url = {http://www.ncbi.nlm.nih.gov/pubmed/17172297},
	Volume = {92},
	Year = {2007}}

@article{Isom:2008,
	Author = {Isom, Daniel G and Cannon, Brian R and Casta{\~n}eda, Carlos A and Robinson, Aaron and Garc{\'\i}a-Moreno E. , Bertrand},
	Date = {2008},
	Journal = {Proc. Natl. Acad. Sci.},
	Number = {46},
	Pages = {17784--17788},
	Title = "High tolerance for ionizable residues in the hydrophobic interior of proteins",
	Ty = {JOUR},
	Url = {http://www.pnas.org/content/105/46/17784.short.full.pdf},
	Volume = {105},
	Year = {2008}}

@article{Fitch:2002,
	Author = {Fitch, Carolyn A. and Karp, Daniel A. and Lee, Kelly K. and Stites, Wesley E. and Lattman, Eaton E. and Garc{\'\i}a-Moreno, E. Bertrand},
	Date = {2002},
	Doi = {http://dx.doi.org/10.1016/S0006-3495(02)75670-1},
	Isbn = {0006-3495},
	Journal = {Biophys. J.},

	Number = {6},
	Pages = {3289--3304},
	Title = "Experimental {p$K_a$} values of buried residues: analysis with continuum methods and role of water penetration",
	Ty = {JOUR},
	Url = {http://www.sciencedirect.com/science/article/pii/S0006349502756701},
	Volume = {82},
	Year = {2002}}

@article{Baran:2008,
	Author = {Baran, Kelli and Chimenti, Michael and Schlessman, Jamie and Fitch, Carolyn and Herbst, Katie and Garcia-Moreno, Bertrand},
	Date = {2008},
	Day = {20},
	Doi = {doi: 10.1016/j.jmb.2008.04.021},
	Id = {citeulike:2859531},
	Isbn = {00222836},
	Journal = {J. Mol. Biol.},

	Number = {5},
	Pages = {1045--1062},
	Title = "Electrostatic effects in a network of polar and ionizable groups in staphylococcal nuclease",
	Ty = {JOUR},
	Url = {http://dx.doi.org/10.1016/j.jmb.2008.04.021},
	Volume = {379},
	Year = {2008}}

@article{Karp:2010,
	Author = {Karp, Daniel A and Stahley, Mary R and Garc{\'\i}a-Moreno, Bertrand},
	Date = {2010},
	Journal = {Biochemistry},
	Number = {19},
	Pages = {4138--4146},
	Title = "Conformational consequences of ionization of {Lys}, {Asp}, and {Glu} buried at position 66 in staphylococcal nuclease.",
	Ty = {JOUR},
	Url = {http://www.ncbi.nlm.nih.gov/pubmed/20329780},
	Volume = {49},
	Year = {2010}}

@article{Isom:2010,
	Author = {Isom, Daniel and Casta{\~n}eda, Carlos and Cannon, Brian and Velu, Priya and Garc{\'\i}a-Moreno E, Bertrand},
	Date = {2010/09/14/},
	Day = {14},
	Doi = {doi: 10.1073/pnas.1004213107},
	Id = {citeulike:7719311},
	Isbn = {1091-6490},
	Journal = {Proc. Natl. Acad. Sci.},

	Number = {37},
	Pages = {16096--16100},
	Publisher = {National Academy of Sciences},
	Title = "Charges in the hydrophobic interior of proteins.",
	Ty = {JOUR},
	Url = {http://dx.doi.org/10.1073/pnas.1004213107},
	Volume = {107},
	Year = {2010}}

@article{Damjanovic:2008,
	Author = {Damjanovic, Ana and Wu, Xiongwu and Garc{\'\i}a-Moreno and Brooks, Bernard},
	Date = {2008/11/01/},
	Day = {01},
	Doi = {doi: 10.1529/biophysj.108.130906},
	Id = {citeulike:3388560},
	Journal = {Biophys. J.},

	Number = {9},
	Pages = {4091--4101},
	Publisher = {Cell Press},
	Title = "Backbone relaxation coupled to the ionization of internal groups in proteins: a self-guided {Langevin} dynamics study",
	Ty = {JOUR},
	Url = {http://dx.doi.org/10.1529/biophysj.108.130906},
	Volume = {95},
	Year = {2008}}

@article{Harms:2008,
	Author = {Harms, Michael and Schlessman, Jamie and Chimenti, Michael and Sue, Gloria and Damjanovi{\'c}, Ana and Garc{\'\i}a-Moreno, Bertrand},
	Date = {2008/05/01/},
	Day = {01},
	Doi = {doi: 10.1110/ps.073397708},
	Id = {citeulike:2719393},
	Isbn = {1469-896X},
	Journal = {Protein Sci.},

	Number = {5},
	Pages = {833-845},
	Title = "A buried lysine that titrates with a normal {p$K_a$}: role of conformational flexibility at the protein-water interface as a determinant of {p$K_a$} values.",
	Ty = {JOUR},
	Url = {http://dx.doi.org/10.1110/ps.073397708},
	Volume = {17},
	Year = {2008}}

@article{Gunner:2011,
	Author = {Gunner, MR and Zhu, Xuyu and Klein, Max},
	Date = {2011/12//},
	Doi = {doi: 10.1002/prot.23124},
	Id = {citeulike:9553460},
	Isbn = {1097-0134},
	Journal = {Proteins},

	Number = {12},
	Pages = {3306-3319},
	Publisher = {Wiley Subscription Services, Inc., A Wiley Company},
	Title = "{MCCE} analysis of the {p$K_a$s} of introduced buried acids and bases in staphylococcal nuclease.",
	Ty = {JOUR},
	Url = {http://dx.doi.org/10.1002/prot.23124},
	Volume = {79},
	Year = {2011}}

@article{Warshel:2006,
	Author = {Warshel, A and Sharma, P K and Kato, M and Parson, W W},
	Date = {2006///},
	Journal = {Biochim. Biophys. Acta, Proteins Proteomics},
	Number = {11},
	Pages = {1647--1676},
	Title = "Modeling electrostatic effects in proteins",
	Ty = {JOUR},
	Volume = {1764},
	Year = {2006}}

@article{Kato:2006,
	Author = {Kato, M and Pisliakov, A V and Warshel, A},
	Date = {2006///},
	Journal = {Proteins},
	Number = {4},
	Pages = {829--844},
	Title = "The barrier for proton transport in aquaporins as a challenge for electrostatic models: The role of protein relaxation in mutational calculations",
	Ty = {JOUR},
	Volume = {64},
	Year = {2006}}

@article{Ghosh:2009,
	Author = {Ghosh, Nilanjan and Prat-Resina, Xavier and Gunner, MR and Cui, Qiang},
	Date = {2009/02/25/},
	Day = {25},
	Doi = {doi: 10.1021/bi8021284},
	Id = {citeulike:4214198},
	Journal = {Biochemistry},

	Number = {11},
	Pages = {2468-2485},
	Publisher = {American Chemical Society},
	Title = "Microscopic {p$K_a$} Analysis of Glu286 in cytochrome c oxidase (rhodobacter sphaeroides): toward a calibrated molecular model",
	Ty = {JOUR},
	Url = {http://dx.doi.org/10.1021/bi8021284},
	Volume = {48},
	Year = {2009}}

@article{Ghosh:2008,
	Author = {Ghosh, Nilanjan and Cui, Qiang},
	Date = {2008/07/01/},
	Day = {01},
	Doi = {doi: 10.1021/jp800168z},
	Id = {citeulike:7275811},
	Isbn = {1520-6106},
	Journal = {J. Phys. Chem. B},

	Number = {28},
	Pages = {8387-8397},
	Title = "{p$K_a$} of residue 66 in staphylococal nuclease. {I.} insights from {QM/MM} simulations with conventional sampling",
	Ty = {JOUR},
	Url = {http://dx.doi.org/10.1021/jp800168z},
	Volume = {112},
	Year = {2008}}

@article{Zhang:2003,
	Author = {Zhang, G. P.},
	Doi = {doi:10.1016/S0925-2312(01)00702-0},
	Journal = {Neurocomputing},
	Pages = {159-175},
	Title = "Time series forecasting using a hybrid {ARIMA} and neural network model",
	Url = {http://www.ingentaconnect.com/content/els/09252312/2003/00000050/00000000/art00702},
	Volume = {50},
	Year = {2003}}

@article{Raftery:1998,
	Author = {Raftery, A. and Madigan, D. and Hoeting, J.},
	Journal = {J. Am. Stat. Assoc.},
	Pages = {179-191},
	Title = "{Bayesian} model averaging for linear regression models",
	Url = {http://citeseerx.ist.psu.edu/viewdoc/summary?doi=10.1.1.42.4400},
	Volume = {92},
	Year = {1998}}

@article{Hoeting:1999,
	Author = {Hoeting, J. and Madigan, D. and Raftery, A. and Volinsky, C.},
	Journal = {Stat. Sci.},
	Number = {4},
	Pages = {382-417},
	Title = "{Bayesian} model averaging: a tutorial",
	Url = {http://projecteuclid.org/DPubS?service=UI&version=1.0&verb=Display&handle=euclid.ss/1009212519},
	Volume = {14},
	Year = {1999}}

@article{Rokach:2010,
	Acmid = {1713730},
	Address = {Norwell, MA, USA},
	Author = {Rokach, Lior},
	Doi = {10.1007/s10462-009-9124-7},
	Issn = {0269-2821},
	Issue_Date = {February 2010},
	Journal = {Artif. Intell. Rev.},
	Number = {1-2},
	Numpages = {39},
	Pages = {1--39},
	Publisher = {Kluwer Academic Publishers},
	Title = "Ensemble-based classifiers",
	Url = {http://dx.doi.org/10.1007/s10462-009-9124-7},
	Volume = {33},
	Year = {2010}}

@article{Seni:2010,
	Author = {Seni, Giovanni and Elder, John F.},
	Doi = {10.2200/S00240ED1V01Y200912DMK002},
	Journal = {Synthesis Lectures on Data Mining and Knowledge Discovery},
	Number = {1},
	Pages = {1--126},
	Title = "Ensemble methods in data mining: improving accuracy through combining predictions",
	Url = {http://dx.doi.org/10.2200/S00240ED1V01Y200912DMK002},
	Volume = {2},
	Year = {2010}}

@article{Morales-Casique:2010,
	Author = {Morales-Casique, Eric and Neuman, Shlomo P. and Vesselinov, Velimir V.},
	Doi = {10.1007/s00477-010-0383-2},
	Journal = {Stochastic Environ. Res. Risk Assessment},
	Number = {6},
	Pages = {863-880},
	Title = "Maximum likelihood {Bayesian} averaging of airflow models in unsaturated fractured tuff using {Occam} and variance windows",
	Url = {http://dx.doi.org/10.1007/s00477-010-0383-2},
	Volume = {24},
	Year = {2010}}

@article{Opitz:1999,
	Author = {Opitz, David and Maclin, Richard},
	Journal = {J. Artificial Intelligence Res.},
	Pages = {169-198},
	Title = "Popular ensemble methods: an empirical study",
	Url = {http://citeseerx.ist.psu.edu/viewdoc/summary?doi=10.1.1.36.7341},
	Volume = {11},
	Year = {1999}}

@article{Bates:1969,
	Author = {Bates, J. M. and Granger, C. W. J.},
	Journal = {Operational Res. Q.},
	Number = {4},
	Pages = {451-468},
	Title = "The combination of forecasts",
	Url = {http://www.jstor.org/stable/3008764},
	Volume = {20},
	Year = {1969}}

@article{Devooght:1998,
	Author = {Devooght, J.},
	Doi = {doi:10.1016/S0951-8320(97)00137-3},
	Journal = {Reliability Engr. System Safety},
	Number = {2},
	Pages = {171-185},
	Title = "Model uncertainty and model inaccuracy",
	Url = {http://www.ingentaconnect.com/content/els/09518320/1998/00000059/00000002/art00137},
	Volume = {59},
	Year = {1998}}

@article{Apostolakis:1990,
	Author = {Apostolakis, George},
	Journal = {Science},
	Number = {4986},
	Pages = {1359-1364},
	Title = "The concept of probability in safety assessments of technological systems",
	Url = {http://www.ncbi.nlm.nih.gov/pubmed/2255906},
	Volume = {250},
	Year = {1990}}

@article{Rojas:2010,
	Author = {Rojas, R. and Batelaan, O. and Feyen, L. and Dassargues, A.},
	Doi = {10.5194/hess-14-171-2010},
	Journal = {Hydrol. Earth Syst. Sci.},
	Number = {2},
	Pages = {171--192},
	Title = "Assessment of conceptual model uncertainty for the regional aquifer {Pampa del Tamarugal} -- {North Chile}",
	Url = {http://www.hydrol-earth-syst-sci.net/14/171/2010/},
	Volume = {14},
	Year = {2010}}

@article{Machuqueiro:2011,
	Author = {Machuqueiro, Miguel and Baptista, Ant{\'o}nio},
	Doi = {10.1002/prot.23115},
	Journal = {Proteins},
	Number = {12},
	Pages = {3437--3447},
	Title = "Is the prediction of {p$K_a$} values by constant-{pH} molecular dynamics being hindered by inherited problems?",
	Url = {http://dx.doi.org/10.1002/prot.23115},
	Volume = {79},
	Year = {2011}}

@article{Shan:2011,
	Author = {Shan, Jufang and Mehler, Ernest},
	Doi = {doi: 10.1002/prot.23098},
	Journal = {Proteins},
	Number = {12},
	Pages = {3346--3355},
	Title = "Calculation of {p$K_a$} in proteins with the microenvironment modulated-screened coulomb potential",
	Url = {http://dx.doi.org/10.1002/prot.23098},
	Volume = {79},
	Year = {2011}}

@article{Olsson:2011,
	Author = {Olsson, Mats},
	Doi = {doi: 10.1002/prot.23113},
	Journal = {Proteins},
	Number = {12},
	Pages = {3333--3345},
	Title = "Protein electrostatics and {p$K_a$} blind predictions; contribution from empirical predictions of internal ionizable residues",
	Url = {http://dx.doi.org/10.1002/prot.23113},
	Volume = {79},
	Year = {2011}}

@article{Raftery:2005,
	Annote = {doi: 10.1175/MWR2906.1},
	Author = {Raftery, A. and Gneiting, T. and Balabdaoui, F. and Polakowski, M.},
	Date = {2005/05/01},
	Doi = {10.1175/MWR2906.1},
	Isbn = {0027-0644},
	Journal = {Mon. Weather Rev.},
	Number = {5},
	Pages = {1155--1174},
	Publisher = {American Meteorological Society},
	Title = "Using {Bayesian} model averaging to calibrate forecast ensembles",
	Ty = {JOUR},
	Url = {http://dx.doi.org/10.1175/MWR2906.1},
	Volume = {133},
	Year = {2005}}

@book{Hosmer:1989,
	Address = {New York},
	Author = {Hosmer, D. W. and Lemeshow, S.},
	Publisher = {Wiley},
	Title = "{Applied Logistic Regression}",
	Year = {1989}}

@article{Reiss:2012,
	Author = {Reiss, Philip T. and Huang, Lei and Cavanaugh, Joseph E. and Roy, Amy Krain},
	Doi = {10.1007/s10463-012-0353-1},
	Journal = {Ann. Inst. Stat. Math.},
	Number = {6},
	Pages = {1161-1186},
	Title = "Resampling-based information criteria for best-subset regression",
	Url = {http://dx.doi.org/10.1007/s10463-012-0353-1},
	Volume = {64},
	Year = {2012}}

@article{Carstensen:2011,
	Author = {Carstensen, Tommy and Farrell, Damien and Huang, Yong and Baker, Nathan and Nielsen, Jens},
	Date = {2011/12/01/},
	Day = {01},
	Doi = {doi: 10.1002/prot.23091},
	Id = {citeulike:9304382},
	Isbn = {08873585},
	Journal = {Proteins},
	Number = {12},
	Pages = {3287--3298},
	Publisher = {Wiley Subscription Services, Inc., A Wiley Company},
	Title = "On the development of protein {p$K_a$} calculation algorithms",
	Ty = {JOUR},
	Url = {http://dx.doi.org/10.1002/prot.23091},
	Volume = {79},
	Year = {2011}}

@article{Mallows:1973,
	Author = {Mallows, C. L.},
	Journal = {Technometrics},
	Number = {4},
	Pages = {661-675},
	Title = "Some comments on {$C_p$}",
	Url = {http://www.jstor.org/stable/1267380},
	Volume = {15},
	Year = {1973}}

@article{Candes:2007,
	Author = {Candes, Emmanuel and Tao, Terence},
	Doi = {10.1214/009053606000001523},
	Journal = {Ann. Stat.},
	Number = {6},
	Pages = {2313-51},
	Title = "The {Dantzig} selector: statistical estimation when $p$ is much larger than $n$",
	Url = {http://dx.doi.org/10.1214/009053606000001523},
	Volume = {35},
	Year = {2007}}

@article{Genell:2010,
	Author = {Genell, Anna and Nemes, Szilard and Steineck, Gunnar and Dickman, Paul W.},
	Doi = {10.1186/1471-2288-10-108},
	Journal = {BMC Med. Res. Methodol.},
	Pages = {108},
	Title = "Model selection in medical research: a simulation study comparing {bayesian} model averaging and stepwise regression",
	Url = {http://dx.doi.org/10.1186/1471-2288-10-108},
	Volume = {10},
	Year = {2010}}

@article{Volinsky:1997,
	Author = {Volinsky, C. and Madigan, D. and Raftery, A. and Kronmal, R.},
	Doi = {10.1111/1467-9876.00082},
	Isbn = {1467-9876},
	Journal = {J. Royal Stat. Soc. C},
	Number = {4},
	Pages = {433--448},
	Publisher = {Blackwell Publishers Ltd.},
	Title = "{Bayesian} model averaging in proportional hazard models: assessing the risk of a stroke",
	Ty = {JOUR},
	Url = {http://dx.doi.org/10.1111/1467-9876.00082},
	Volume = {46},
	Year = {1997}}

@article{Wang:2004,
	Author = {Wang, Duolao and Zhang, Wenyang and Bakhai, Ameet},
	Doi = {10.1002/sim.1930},
	Isbn = {1097-0258},
	Journal = {Statist. Med.},
	Number = {22},
	Pages = {3451--3467},
	Publisher = {John Wiley \& Sons, Ltd.},
	Title = "Comparison of {Bayesian} model averaging and stepwise methods for model selection in logistic regression",
	Ty = {JOUR},
	Url = {http://dx.doi.org/10.1002/sim.1930},
	Volume = {23},
	Year = {2004}}

@article{Milletti:2009,
	Author = {Milletti, Francesca and Storchi, Loriano and Cruciani, Gabriele},
	Date = {2009/08/01/},
	Day = {01},
	Doi = {doi: 10.1002/prot.22363},
	Id = {citeulike:4107786},
	Isbn = {1097-0134},
	Journal = {Proteins},
	Number = {2},
	Pages = {484--495},
	Publisher = {Wiley Subscription Services, Inc., A Wiley Company},
	Title = "Predicting protein {p$K_a$} by environment similarity.",
	Ty = {JOUR},
	Url = {http://dx.doi.org/10.1002/prot.22363},
	Volume = {76},
	Year = {2009}}

@article{Dolinsky:2007,
	Author = {Dolinsky, Todd and Czodrowski, Paul and Li, Hui and Nielsen, Jens and Jensen, Jan and Klebe, Gerhard and Baker, Nathan},
	Date = {2007/07/01/},
	Day = {01},
	Doi = {doi: 10.1093/nar/gkm276},
	Id = {citeulike:1774927},
	Isbn = {1362-4962},
	Journal = {Nucleic Acids Res.},
	Number = {Web Server issue},
	Title = "{PDB2PQR}: expanding and upgrading automated preparation of biomolecular structures for molecular simulations.",
	Ty = {JOUR},
	Url = {http://dx.doi.org/10.1093/nar/gkm276},
	Volume = {35},
	Year = {2007}}

@article{Song:2011,
	Author = {Song, Yifan},
	Day = {01},
	Doi = {doi: 10.1002/prot.23146},
	Id = {citeulike:9620827},
	Journal = {Proteins},
	Number = {12},
	Pages = {3356--3363},
	Publisher = {Wiley Subscription Services, Inc., A Wiley Company},
	Title = "Exploring conformational changes coupled to ionization states using a hybrid {Rosetta-MCCE} protocol",
	Ty = {JOUR},
	Url = {http://dx.doi.org/10.1002/prot.23146},
	Volume = {79},
	Year = {2011}}

@article{Rostkowski:2011,
	Author = {Rostkowski, Micha{\l} and Olsson, Mats and S{\o}ndergaard, Chresten and Jensen, Jan},
	Date = {2011///},
	Doi = {doi: 10.1186/1472-6807-11-6},
	Id = {citeulike:8698046},
	Isbn = {1472-6807},
	Journal = {BMC Struct. Biol.},
	Number = {1},
	Pages = {6},
	Title = "Graphical analysis of {pH}-dependent properties of proteins predicted using {PROPKA}.",
	Ty = {JOUR},
	Url = {http://dx.doi.org/10.1186/1472-6807-11-6},
	Volume = {11},
	Year = {2011}}

@article{Warwicker:2011,
	Author = {Warwicker, Jim},
	Date = {2011/12/01/},
	Day = {01},
	Doi = {doi: 10.1002/prot.23078},
	Id = {citeulike:9271286},
	Isbn = {1097-0134},
	Journal = {Proteins},
	Number = {12},
	Pages = {3374--3380},
	Publisher = {Wiley Subscription Services, Inc., A Wiley Company},
	Title = "{p$K_a$} predictions with a coupled finite difference {Poisson}-{Boltzmann} and {Debye}-{H{\"u}ckel} method.",
	Ty = {JOUR},
	Url = {http://dx.doi.org/10.1002/prot.23078},
	Volume = {79},
	Year = {2011}}

@article{Nielsen:2001,
	Author = {Nielsen, J E and Vriend, G},
	Date = {2001///},
	Journal = {Proteins},
	Number = {4},
	Pages = {403--412},
	Title = "Optimizing the hydrogen-bond network in {Poisson-Boltzmann} equation-based {{p$K_a$}} calculations",
	Ty = {JOUR},
	Url = {http://www3.interscience.wiley.com/cgi-bin/abstract/78505732/ABSTRACT},
	Volume = {43},
	Year = {2001}}

@article{Nielsen:2003,
	Author = {Nielsen, J E and McCammon, J A},
	Journal = {Protein Sci.},
	Number = {2},
	Pages = {313--326},
	Title = "On the evaluation and optimization of protein X-ray structures for {p$K_a$} calculations",
	Ty = {JOUR},
	Url = {http://www.ncbi.nlm.nih.gov/entrez/query.fcgi?cmd=Retrieve&#38;db=PubMed&#38;dopt=Citation&#38;list_uids=12538895},
	Volume = {12},
	Year = {2003}}

@article{Word:2011,
	Author = {Word, Michael and Nicholls, Anthony},
	Day = {01},
	Doi = {doi: 10.1002/prot.23079},
	Id = {citeulike:9271287},
	Isbn = {1097-0134},
	Journal = {Proteins},
	Number = {12},
	Pages = {3400--3409},
	Publisher = {Wiley Subscription Services, Inc., A Wiley Company},
	Title = "Application of the {Gaussian} dielectric boundary in {Zap} to the prediction of protein {p$K_a$} values.",
	Ty = {JOUR},
	Url = {http://dx.doi.org/10.1002/prot.23079},
	Volume = {79},
	Year = {2011}}

@article{Meyer:2011,
	Author = {Meyer, Tim and Kieseritzky, Gernot and Knapp, Ernst-Walter},
	Doi = {doi: 10.1002/prot.23092},
	Id = {citeulike:9304383},
	Isbn = {1097-0134},
	Journal = {Proteins},
	Number = {12},
	Pages = {3320--3332},
	Publisher = {Wiley Subscription Services, Inc., A Wiley Company},
	Title = "Electrostatic {p$K_a$} computations in proteins: role of internal cavities.",
	Ty = {JOUR},
	Url = {http://dx.doi.org/10.1002/prot.23092},
	Volume = {79},
	Year = {2011}}

@article{Witham:2011,
	Author = {Witham, Shawn and Talley, Kemper and Wang, Lin and Zhang, Zhe and Sarkar, Subhra and Gao, Daquan and Yang, Wei and Alexov, Emil},
	Doi = {doi: 10.1002/prot.23097},
	Id = {citeulike:9398882},
	Isbn = {1097-0134},
	Journal = {Proteins},
	Number = {12},
	Pages = {3389--3399},
	Publisher = {Wiley Subscription Services, Inc., A Wiley Company},
	Title = "Developing hybrid approaches to predict {p$K_a$} values of ionizable groups.",
	Ty = {JOUR},
	Url = {http://dx.doi.org/10.1002/prot.23097},
	Volume = {79},
	Year = {2011}}

@article{Arthur:2011,
	Author = {Arthur, Evan and Yesselman, Joseph and Brooks, Charles},
	Doi = {doi: 10.1002/prot.23195},
	Id = {citeulike:9807010},
	Isbn = {1097-0134},
	Journal = {Proteins},
	Number = {12},
	Pages = {3276--3286},
	Publisher = {Wiley Subscription Services, Inc., A Wiley Company},
	Title = "Predicting extreme {p$K_a$} shifts in staphylococcal nuclease mutants with constant {pH} molecular dynamics.",
	Ty = {JOUR},
	Url = {http://dx.doi.org/10.1002/prot.23195},
	Volume = {79},
	Year = {2011}}

@article{Williams:2011,
	Author = {Williams, Sarah and Blachly, Patrick and McCammon, Andrew},
	Doi = {doi: 10.1002/prot.23136},
	Id = {citeulike:9711422},
	Journal = {Proteins},
	Number = {12},
	Pages = {3381--3388},
	Publisher = {Wiley Subscription Services, Inc., A Wiley Company},
	Title = "Measuring the successes and deficiencies of constant {pH} molecular dynamics: A blind prediction study",
	Ty = {JOUR},
	Url = {http://dx.doi.org/10.1002/prot.23136},
	Volume = {79},
	Year = {2011}}

@article{Wallace:2011,
	Author = {Wallace, Jason and Wang, Yuhang and Shi, Chuanyin and Pastoor, Kevin and Nguyen, Bao-Linh and Xia, Kai and Shen, Jana},
	Day = {01},
	Doi = {doi: 10.1002/prot.23080},
	Id = {citeulike:9308076},
	Journal = {Proteins},
	Number = {12},
	Pages = {3364--3373},
	Publisher = {Wiley Subscription Services, Inc., A Wiley Company},
	Title = "Toward accurate prediction of {p$K_a$} values for internal protein residues: the importance of conformational relaxation and desolvation energy",
	Ty = {JOUR},
	Url = {http://dx.doi.org/10.1002/prot.23080},
	Volume = {79},
	Year = {2011}}

@article{Tang:2007,
	Author = {Tang, Christopher and Alexov, Emil and Pyle, Anna Marie and Honig, Barry},
	Day = {09},
	Doi = {doi: 10.1016/j.jmb.2006.12.001},
	Id = {citeulike:11981691},
	Isbn = {0022-2836},
	Journal = {J. Mol. Biol.},
	Number = {5},
	Pages = {1475--1496},
	Title = "Calculation of {p$K_a$}s in {RNA}: on the structural origins and functional roles of protonated nucleotides.",
	Ty = {JOUR},
	Url = {http://dx.doi.org/10.1016/j.jmb.2006.12.001},
	Volume = {366},
	Year = {2007}}

@article{Alexov:2011,
	Author = {Alexov, Emil and Mehler, Ernest and Baker, Nathan and Baptista, Ant{\'o}nio and Huang, Yong and Milletti, Francesca and Nielsen, Jens Erik and Farrell, Damien and Carstensen, Tommy and Olsson, Mats and Shen, Jana and Warwicker, Jim and Williams, Sarah and Word, Michael},
	Day = {15},
	Doi = {doi: 10.1002/prot.23189},
	Id = {citeulike:9783668},
	Isbn = {1097-0134},
	Journal = {Proteins},
	Number = {12},
	Pages = {3260--3275},
	Publisher = {Wiley Subscription Services, Inc., A Wiley Company},
	Title = "Progress in the prediction of {p$K_a$} values in proteins.",
	Ty = {JOUR},
	Url = {http://dx.doi.org/10.1002/prot.23189},
	Volume = {79},
	Year = {2011}}

@article{Zheng:2008,
	Author = {Zheng, Lianqing and Chen, Mengen and Yang, Wei},
	Day = {23},
	Doi = {doi: 10.1073/pnas.0810631106},
	Id = {citeulike:3823404},
	Journal = {Proc. Natl. Acad. Sci.},
	Number = {51},
	Pages = {20227--20232},
	Title = "Random walk in orthogonal space to achieve efficient free-energy simulation of complex systems",
	Ty = {JOUR},
	Url = {http://dx.doi.org/10.1073/pnas.0810631106},
	Volume = {105},
	Year = {2008}}

@article{Isom:2011,
	Author = {Isom, Daniel and Casta{\~n}eda, Carlos and Cannon, Brian and Bertrand Garc{\'\i}a-Moreno, E},
	Day = {29},
	Doi = {doi: 10.1073/pnas.1010750108},
	Id = {citeulike:9077337},
	Isbn = {1091-6490},
	Journal = {Proc. Natl. Acad. Sci.},
	Number = {13},
	Pages = {5260--5265},
	Publisher = {National Academy of Sciences},
	Title = "Large shifts in {p$K_a$} values of lysine residues buried inside a protein",
	Ty = {JOUR},
	Url = {http://dx.doi.org/10.1073/pnas.1010750108},
	Volume = {108},
	Year = {2011}}

@article{Castaneda:2009,
	Author = {Casta{\~n}eda, Carlos and Fitch, Carolyn and Majumdar, Ananya and Khangulov, Victor and Schlessman, Jamie and Garc{\'\i}a-Moreno, Bertrand},
	Day = {15},
	Doi = {doi: 10.1002/prot.22470},
	Id = {citeulike:4891922},
	Isbn = {1097-0134},
	Journal = {Proteins},
	Number = {3},
	Pages = {570--588},
	Publisher = {Wiley Subscription Services, Inc., A Wiley Company},
	Title = "Molecular determinants of the {p$K_a$} values of Asp and Glu residues in staphylococcal nuclease.",
	Ty = {JOUR},
	Url = {http://dx.doi.org/10.1002/prot.22470},
	Volume = {77},
	Year = {2009}}

@article{Yang:1993,
	Author = {Yang, A S and Honig, B},
	Journal = {J. Mol. Biol.},
	Number = {2},
	Pages = {459--474},
	Title = "On the {pH} Dependence of Protein Stability",
	Ty = {JOUR},
	Volume = {231},
	Year = {1993}}

@article{Privalov:1979,
	Author = {Privalov, P L},
	Journal = {Adv. Protein Chem.},
	Pages = {167--241},
	Title = "Stability of proteins: small globular proteins.",
	Volume = {33},
	Year = {1979}}

@article{Szabo:1972,
	Author = {Szabo, Attila and Karplus, Martin},
	Doi = {10.1016/0022-2836(72)90077-0},
	Journal = {J. Mol. Biol.},
	Number = {1},
	Pages = {163--197},
	Title = "A mathematical model for structure-function relations in hemoglobin",
	Url = {http://www.sciencedirect.com/science/article/pii/0022283672900770},
	Volume = {72},
	Year = {1972}}

@book{Fersht:1985,
	Address = {San Francisco, CA},
	Author = {Fersht, Alan},
	Publisher = {W. H. Freeman and Co.},
	Title = "Enzyme Structure and Mechanism",
	Year = {1985}}

@inbook{Davidson:2006,
	Author = {Davidson, Ian and Fan, Wei},
	Booktitle = {Knowledge Discovery in Databases: PKDD 2006},
	Doi = {10.1007/11871637{\_}46},
	Isbn = {978-3-540-45374-1},
	Pages = {478-486},
	Publisher = {Springer Berlin Heidelberg},
	Se = {46},
	Series = {Lect. Notes Comput. Sci.},
	Title = "When efficient model averaging out-performs boosting and bagging",
	Url = {http://dx.doi.org/10.1007/11871637_46},
	Volume = {4213},
	Year = {2006}}

@article{Nielsen:2011,
	Author = {Nielsen, Jens and Gunner, MR and Garc{\'\i}a-Moreno},
	Doi = {10.1002/prot.23194},
	Journal = {Proteins},
	Number = {12},
	Pages = {3249--3259},
	Title = "The {p$K_a$} Cooperative: A collaborative effort to advance structure-based calculations of {p$K_a$} values and electrostatic effects in proteins",
	Url = {http://dx.doi.org/10.1002/prot.23194},
	Volume = {79},
	Year = {2011}}

